@article{ArecesFSV25,
  author       = {Carlos Areces and
                  Raul Fervari and
                  Andr{\'{e}}s R. Saravia and
                  Fernando R. Vel{\'{a}}zquez{-}Quesada},
  title        = {Uncertainty-based knowing how logic},
  journal      = {J. Log. Comput.},
  volume       = {35},
  number       = {1},
  pages        = {1--35},
  year         = {2025},
  url          = {https://doi.org/10.1093/logcom/exad056},
  doi          = {10.1093/LOGCOM/EXAD056},
  timestamp    = {Tue, 04 Feb 2025 21:13:18 +0100},
  biburl       = {https://dblp.org/rec/journals/logcom/ArecesFSV25.bib},
  bibsource    = {dblp computer science bibliography, https://dblp.org}
}
@article{key,
  author = {},
  journal = {},
  number = {},
  title = {},
  volume = {},
  year = {}
}